<?xml version="1.0" encoding="UTF-8"?><record xmlns="http://www.loc.gov/MARC21/slim" xmlns:cinclude="http://apache.org/cocoon/include/1.0" xmlns:zs="http://www.loc.gov/zing/srw/">
  <leader>00926cz  a2200181n  4500</leader>
  <controlfield tag="001">no2007085172</controlfield>
  <controlfield tag="003">DLC</controlfield>
  <controlfield tag="005">20130326111626.0</controlfield>
  <controlfield tag="008">070703n| azannaabn          |a ana     c</controlfield>
  <datafield tag="010" ind1=" " ind2=" ">
    <subfield code="a">no2007085172</subfield>
  </datafield>
  <datafield tag="035" ind1=" " ind2=" ">
    <subfield code="a">(OCoLC)oca07476123</subfield>
  </datafield>
  <datafield tag="040" ind1=" " ind2=" ">
    <subfield code="a">SaPrUSA</subfield>
    <subfield code="b">eng</subfield>
    <subfield code="e">rda</subfield>
    <subfield code="c">SaPrUSA</subfield>
    <subfield code="d">DLC</subfield>
  </datafield>
  <datafield tag="110" ind1="2" ind2=" ">
    <subfield code="a">Hydrological Research Institute (South Africa)</subfield>
  </datafield>
  <datafield tag="410" ind1="2" ind2=" ">
    <subfield code="a">Hidrologiese Navorsingsinstituut (Suid-Afrika)</subfield>
  </datafield>
  <datafield tag="410" ind1="2" ind2=" ">
    <subfield code="a">South Africa.</subfield>
    <subfield code="b">Department of Water Affairs.</subfield>
    <subfield code="b">Hydrological Research Institute</subfield>
  </datafield>
  <datafield tag="510" ind1="1" ind2=" ">
    <subfield code="w">r</subfield>
    <subfield code="i">Hierarchical superior:</subfield>
    <subfield code="a">South Africa.</subfield>
    <subfield code="b">Department of Water Affairs</subfield>
  </datafield>
  <datafield tag="670" ind1=" " ind2=" ">
    <subfield code="a">A comparison of satellite data types and techniques for mapping irrigated land, 1990:</subfield>
    <subfield code="b">t.p. (Dept. of Water Affairs, Hydrological Research Institute)</subfield>
  </datafield>
  <datafield tag="670" ind1=" " ind2=" ">
    <subfield code="a">NLSA, July 3, 2007</subfield>
    <subfield code="b">(hdg.: Hydrological Research Institute (South Africa); usage: Hydrological Research Institute (South Africa); Hidrologiese Navorsingsinstituut (Suid-Afrika))</subfield>
  </datafield>
</record>